
@BOOK{baf96,
	title={数据结构（C 语言版）},
	author={严蔚敏等},
	publisher={清华大学出版社},
}

@BOOK{Mehrabian1974An,
	title={数据结构题集（C 语言版）},
	author={严蔚敏等},
	publisher={清华大学出版社},
}



